@misc{DilationOfOpenSet,
	howpublished = "\url{
	                https://proofwiki.org/wiki/Dilation_of_Open_Set_in_Topological_Vector_Space_is_Open
	                }",
	note = {Accessed on 9/25/24},
},

