@misc{MinMeasurable,
	howpublished = "\url{
	                https://proofwiki.org/wiki/Pointwise_Minimum_of_Measurable_Functions_is_Measurable
	                }",
	note = {Accessed on 10/5/24},
},
@misc{TietzeExtension,
	howpublished = "\url{ https://proofwiki.org/wiki/Tietze_Extension_Theorem}",
	note = {Accessed on 10/6/24},
},
