@misc{Integrable,
	howpublished = "\url{
	                https://math.stackexchange.com/questions/2093423/when-is-int-01xa-b-1-cosx-b-dx-infty
	                }",
	note = {Accessed on 12/11/24},
},
