@misc{WorldInternetUsage,
  title={Digital 2020: October Global Statshot - DataReportal – Global Digital Insights},
  url={https://datareportal.com/reports/digital-2020-october-global-statshot},
  journal={DataReportal},
  publisher={DataReportal – Global Digital Insights},
  author={Kemp, Simon},
  year={2021},
  month={Feb}
}

@journal{Library,
  title={"Accessibility of public library websites in the United States"},
  url={https://doi.org/10.1007/s10209-022-00866-y},
  journal={Univ Access Inf Soc},
  publisher={Springer},
  author={Khawaja, Paul},
  year={2022},
  month={Jan}
}
