@misc{AlmostEverywhere,
	howpublished = "\url{
	                https://proofwiki.org/wiki/Measurable_Function_Zero_A.E._iff_Absolute_Value_has_Zero_Integral
	                }",
	note = {Accessed on 10/30/24},
},
