@misc{PW.Difference,
	howpublished = "\url{
	                https://proofwiki.org/wiki/Measure_of_Set_Difference_with_Subset
	                }",
	note = {Accessed on 9/17/24},
},

